<record><leader>00000cas a22000007i 4500</leader><controlfield tag="001">38214369</controlfield><controlfield tag="008">980116d19461949ncumr ne      0    0eng d</controlfield><datafield ind1=" " ind2=" " tag="010"><subfield code="a">sn 98058907 </subfield></datafield><datafield ind1=" " ind2=" " tag="040"><subfield code="a">WIH</subfield><subfield code="b">eng</subfield><subfield code="e">rda</subfield><subfield code="c">WIH</subfield><subfield code="d">NVJ</subfield><subfield code="d">OCLCQ</subfield><subfield code="d">OCLCO</subfield><subfield code="d">NOC</subfield><subfield code="d">OCLCA</subfield></datafield><datafield ind1=" " ind2=" " tag="042"><subfield code="a">msc</subfield></datafield><datafield ind1=" " ind2=" " tag="043"><subfield code="a">n-us-nc</subfield></datafield><datafield ind1="0" ind2=" " tag="130"><subfield code="a">Harris herald (Harris, N.C.)</subfield></datafield><datafield ind1="1" ind2="4" tag="245"><subfield code="a">The Harris herald.</subfield></datafield><datafield ind1="1" ind2="7" tag="246"><subfield code="a">Harris (N.C.) herald</subfield></datafield><datafield ind1=" " ind2="1" tag="264"><subfield code="a">Harris, N.C. :</subfield><subfield code="b">Herald Publishing Company,</subfield><subfield code="c">1946-</subfield></datafield><datafield ind1=" " ind2=" " tag="300"><subfield code="a">volumes :</subfield><subfield code="b">illustrations, portraits ;</subfield><subfield code="c">56 cm</subfield></datafield><datafield ind1=" " ind2=" " tag="310"><subfield code="a">Monthly,</subfield><subfield code="b">&lt;Feb. 1949&gt;-</subfield></datafield><datafield ind1=" " ind2=" " tag="321"><subfield code="a">Monthly,</subfield><subfield code="b">Jan. 1946-Mar. 1948</subfield></datafield><datafield ind1=" " ind2=" " tag="321"><subfield code="a">Semi-monthly,</subfield><subfield code="b">Apr. 1948-&lt;May 8, 1948&gt;</subfield></datafield><datafield ind1=" " ind2=" " tag="336"><subfield code="a">text</subfield><subfield code="b">txt</subfield><subfield code="2">rdacontent</subfield></datafield><datafield ind1=" " ind2=" " tag="337"><subfield code="a">unmediated</subfield><subfield code="b">n</subfield><subfield code="2">rdamedia</subfield></datafield><datafield ind1=" " ind2=" " tag="338"><subfield code="a">volume</subfield><subfield code="b">nc</subfield><subfield code="2">rdacarrier</subfield></datafield><datafield ind1="0" ind2=" " tag="362"><subfield code="a">Vol. 1, no. 1 (Jan. 1946)-</subfield></datafield><datafield ind1="1" ind2=" " tag="362"><subfield code="a">Ceased in 1949.</subfield></datafield><datafield ind1=" " ind2=" " tag="588"><subfield code="a">Description based on: Volume 1, number 1 (January 1946); title from caption.</subfield></datafield><datafield ind1=" " ind2=" " tag="500"><subfield code="a">"M.B. Robinson, editor - founder"--Volume 1, number 1 (January 1946).</subfield></datafield><datafield ind1=" " ind2=" " tag="500"><subfield code="a">"The only Negro newspaper in Rutherford County"--Masthead.</subfield></datafield><datafield ind1=" " ind2=" " tag="588"><subfield code="a">Latest issue consulted: Volume 4, number 5 (February 1949).</subfield></datafield><datafield ind1=" " ind2="0" tag="650"><subfield code="a">African American newspapers</subfield><subfield code="z">North Carolina</subfield><subfield code="z">Rutherford County.</subfield></datafield><datafield ind1=" " ind2="0" tag="651"><subfield code="a">Harris (N.C.)</subfield><subfield code="v">Newspapers.</subfield></datafield><datafield ind1=" " ind2="0" tag="651"><subfield code="a">Rutherford County (N.C.)</subfield><subfield code="v">Newspapers.</subfield></datafield><datafield ind1=" " ind2="0" tag="651"><subfield code="a">North Carolina</subfield><subfield code="v">Newspapers.</subfield></datafield><datafield ind1="1" ind2=" " tag="700"><subfield code="a">Robinson, M. B.</subfield><subfield code="q">(Milton Bernidine),</subfield><subfield code="d">1913-1991,</subfield><subfield code="e">editor.</subfield></datafield><datafield ind1=" " ind2=" " tag="752"><subfield code="a">United States</subfield><subfield code="b">North Carolina</subfield><subfield code="c">Rutherford</subfield><subfield code="d">Harris.</subfield></datafield><datafield ind1="0" ind2="0" tag="785"><subfield code="t">Carolina news (Harris, N.C.)</subfield><subfield code="w">(OCoLC)38214323</subfield></datafield></record>